@inbook{HartongKlaHed04,
 author	 = {W. Hartong and R. Klausen and L. Hedrich},
 title	 = {Formal Verification for Nonlinear Analog Systems: Approaches to Model and Equivalence Checking},
 pages	 = {205-245},
 publisher= {Kluwer Academic Publishers, Boston},
 year	 = {2004},
 }


@mastersthesis{platte,
 author = {Platte, Daniel},
 title = {{M}odel-{C}hecking analoger {S}chaltungen unter {B}erücksichtigung von {Z}eitbedingungen},
 school = {Institut für Mikroelektronische Systeme},
 year = {2004},
 month = {April},
 address = {Universität Hannover},
 type = {Diplomarbeit},
 }

@book{Thomas_Kropf,
 author = {Kropf, Thomas},
 title = {Introduction to Formal Hardware Verification: Methods and Tools for Designing Correct Circuits and Systems},
 year = {1999},
 publisher = {Springer-Verlag New York, Inc.},
 address = {Secaucus, NJ, USA},
 }

@inproceedings{gajski83,
 author = {Gajski, D. D. and Kuhn, R. H.},
 title = {{N}ew {VLSI} {T}ools},
 journal = {Computer},
 volume = {16(12)},
 number = {12},
 year = {1983},
 month = {December},
 pages = {11--14},
 publisher = {IEEE Computer Society Press},
 address = {Los Alamitos, CA, USA},
 }




@book{equiv_check1,
    author = {Molitor, Paul and Mohnke, Janett},
    title = {{E}quivalence checking of digital circuits},
    year = {2004},
    pages = {263},
    publisher = {Kluwer Academic Publishers},
}
